<?xml version="1.0" encoding="UTF-8"?><collection xmlns="http://www.loc.gov/MARC21/slim"><record><leader>00485nam--2200145-i-4500</leader><controlfield tag="001">000010968</controlfield><controlfield tag="002">20161230</controlfield><controlfield tag="005">20170304210339</controlfield><controlfield tag="008">060222s1000------------r-----000-0-eng-d</controlfield><datafield ind1=" " ind2=" " tag="100"><subfield code="a">Destot, Michel</subfield></datafield><datafield ind1=" " ind2=" " tag="245"><subfield code="a">Etude d une cellule d irradiation a spectre de reacteur rapide, dans le coeur d une pile a eau legere. /these</subfield></datafield><datafield ind1=" " ind2=" " tag="260"><subfield code="a">Grenoble</subfield><subfield code="b">Universite Scientifique Et Medicale, De Grenoble</subfield><subfield code="c">1972</subfield></datafield><datafield ind1=" " ind2=" " tag="300"><subfield code="a">117 p.+ Fig</subfield></datafield><datafield ind1=" " ind2=" " tag="852"><subfield code="a">621.039.55(043)</subfield></datafield><datafield ind1=" " ind2=" " tag="CAT"><subfield code="a">SYS</subfield><subfield code="c">20170304</subfield><subfield code="h">210339</subfield></datafield></record></collection>